@article{cesaraccio2004chilling,
  title={Chilling and forcing model to predict bud-burst of crop and forest species},
  author={Cesaraccio, Carla and Spano, Donatella and Snyder, Richard L and Duce, Pierpaolo},
  journal={Agricultural and Forest Meteorology},
  volume={126},
  number={1-2},
  pages={1--13},
  year={2004},
  publisher={Elsevier},
  doi={https://doi.org/10.1016/j.agrformet.2004.03.002}
}

@article{jung2005predicting,
  title={Predicting Cherry Flowering Date Using a Plant Phonology Model},
  author={Jung, JE and Kwon, EY and Chung, UR and Yun, JI},
  journal={Korean Journal of Agricultural and Forest Meteorology},
  volume={7},
  number={2},
  pages={148--155},
  year={2005},
  publisher={Korean Society of Agricultural and Forest Meteorology}
}